@misc{qmcWikipedia,
    title     = {\href{https://en.wikipedia.org/wiki/Quasi-Monte_Carlo_method}{Quasi-Monte Carlo method Wikipedia}},
    url       = "https://en.wikipedia.org/wiki/Quasi-Monte_Carlo_method"
}
@techreport{owenReport,
    author    = "Art B. Owen and Seth D. Tribble",
    title     = {\href{http://statweb.stanford.edu/~owen/reports/qmcmcmc.pdf}{A Quasi-Monte Carlo Metropolis Algorithm}},
    url       = "http://statweb.stanford.edu/~owen/reports/qmcmcmc.pdf"
}
@techreport{kuoReport,
    author    = "Frances Y. Kuo and Dirk Nuyens",
    title     = {\href{https://people.cs.kuleuven.be/~dirk.nuyens/taiwan/QMC-practical-guide-20161107-1up.pdf}{A Practical Guide to Quasi-Monte Carlo Methods"}},
    url       = "https://people.cs.kuleuven.be/~dirk.nuyens/taiwan/QMC-practical-guide-20161107-1up.pdf"
}
@misc{kokshmaWikipedia,
    title     = {\href{https://en.wikipedia.org/wiki/Low-discrepancy_sequence#Definition_of_discrepancy}{Low-discrepancy sequence Wikipedia}},
    url       = "https://en.wikipedia.org/wiki/Low-discrepancy_sequence#Definition_of_discrepancy"
}
@misc{VanDerWiki,
    title     = {\href{https://en.wikipedia.org/wiki/Van_der_Corput_sequence}{Van der Corput sequence Wikipedia}},
    url       = "https://en.wikipedia.org/wiki/Van_der_Corput_sequence"
}
@techReport{owenReport2,
    author    = "Art B. Owen",
    title     = {\href{https://statweb.stanford.edu/~owen/reports/siggraph03.pdf}{Quasi-Monte Carlo Sampling}},
    url       = "https://statweb.stanford.edu/~owen/reports/siggraph03.pdf"
}
@misc{LHSWiki,
    title     = {\href{https://en.wikipedia.org/wiki/Latin_hypercube_sampling} {Latin hypercube sampling Wikipedia}},
    url       = "https://en.wikipedia.org/wiki/Latin_hypercube_sampling"
}
@inbook{owenBook,
    author    = "Art B. Owen",
    booktitle = "Markov Chains",
    chapter   = {\href{https://statweb.stanford.edu/~owen/mc/Ch-MCMC.pdf}{Markov chain Monte Carlo}},
    url       = "https://statweb.stanford.edu/~owen/mc/Ch-MCMC.pdf"
}
@misc{MCMCslides,
    author    = "Art B. Owen",
    title     = {\href{https://statweb.stanford.edu/~owen/pubtalks/05mcmc.pdf}{Markov chain Monte Carlo slides}},
    url       = "https://statweb.stanford.edu/~owen/pubtalks/05mcmc.pdf"
}
@techReport{cryptoExample,
    author    = "Persi Diaconis",
    title     = {\href{https://math.uchicago.edu/~shmuel/Network-course-readings/MCMCRev.pdf}{The Markov Chain Monte Carlo Revolution}},
    url       = "https://math.uchicago.edu/~shmuel/Network-course-readings/MCMCRev.pdf"
}
@book{lemma1Book,
    author    = "Chentsov, N.",
    booktitle = "Computational Mathematics and Mathematical Physics",
    title     = "Computational Mathematics and Mathematical Physics",
    pages     = "218â€“2332",
    year      = "1967"
}